@Misc{checker-framework-website,
  key =          "Checker Framework",
  title =        "{Checker Framework} website",
  howpublished = "\url{http://types.cs.washington.edu/checker-framework/}"
}
