@inproceedings{mobilesecurity,
 author = {Gilbert, Peter and Chun, Byung-Gon and Cox, Landon P. and Jung, Jaeyeon},
 title = {Vision: automated security validation of mobile apps at app markets},
 booktitle = {Proceedings of the second international workshop on Mobile cloud computing and services},
 series = {MCS '11},
 year = {2011},
 isbn = {978-1-4503-0738-3},
 location = {Bethesda, Maryland, USA},
 pages = {21--26},
 numpages = {6},
 url = {http://doi.acm.org/10.1145/1999732.1999740},
 doi = {http://doi.acm.org/10.1145/1999732.1999740},
 acmid = {1999740},
 publisher = {ACM},
 address = {New York, NY, USA},
 keywords = {mobile phone applications, privacy, security},
} 

@article{activenetworks,
 author = {Tennenhouse, David L. and Wetherall, David J.},
 title = {Towards an active network architecture},
 journal = {SIGCOMM Comput. Commun. Rev.},
 volume = {37},
 issue = {5},
 month = {October},
 year = {2007},
 issn = {0146-4833},
 pages = {81--94},
 numpages = {14},
 url = {http://doi.acm.org/10.1145/1290168.1290180},
 doi = {http://doi.acm.org/10.1145/1290168.1290180},
 acmid = {1290180},
 publisher = {ACM},
 address = {New York, NY, USA},
} 

@inproceedings{rocketfuel,
 author = {Spring, Neil and Mahajan, Ratul and Wetherall, David},
 title = {Measuring ISP topologies with rocketfuel},
 booktitle = {Proceedings of the 2002 conference on Applications, 
technologies, architectures, and protocols for computer communications},
 series = {SIGCOMM '02},
 year = {2002},
 isbn = {1-58113-570-X},
 location = {Pittsburgh, Pennsylvania, USA},
 pages = {133--145},
 numpages = {13},
 url = {http://doi.acm.org/10.1145/633025.633039},
 doi = {http://doi.acm.org/10.1145/633025.633039},
 acmid = {633039},
 publisher = {ACM},
 address = {New York, NY, USA},
} 

@inproceedings{ispmix,
 author = {Raghavan, Barath and Kohno, Tadayoshi and Snoeren, Alex C. and 
Wetherall, David},
 title = {Enlisting ISPs to Improve Online Privacy: IP Address Mixing by 
Default},
 booktitle = {Proceedings of the 9th International Symposium on Privacy 
Enhancing Technologies},
 series = {PETS '09},
 year = {2009},
 isbn = {978-3-642-03167-0},
 location = {Seattle, WA},
 pages = {143--163},
 numpages = {21},
 url = {http://dx.doi.org/10.1007/978-3-642-03168-7_9},
 doi = {http://dx.doi.org/10.1007/978-3-642-03168-7_9},
 acmid = {1614517},
 publisher = {Springer-Verlag},
 address = {Berlin, Heidelberg},
} 

@InProceedings{passport,
  author = {Xin Liu and Ang Li and Xiaowei Yang and David Wetherall},
  title = {Passport: Secure and Adoptable Source Authentication},
  booktitle = {{NSDI}},
  year = 2008
}

@inproceedings{tva,
    author = {Xiaowei Yang and David Wetherall and Tom Anderson},
    title = {{TVA: A DoS-limiting Network Architecture}},
    booktitle = {IEEE/ACM Transactions on Networking},
    year = {2009},
}

@article{traceback,
 author = {Savage, Stefan and Wetherall, David and Karlin, Anna and Anderson, 
Tom},
 title = {Network support for IP traceback},
 journal = {IEEE/ACM Trans. Netw.},
 volume = {9},
 issue = {3},
 month = {June},
 year = {2001},
 issn = {1063-6692},
 pages = {226--237},
 numpages = {12},
 url = {http://dx.doi.org/10.1109/90.929847},
 doi = {http://dx.doi.org/10.1109/90.929847},
 acmid = {383578},
 publisher = {IEEE Press},
 address = {Piscataway, NJ, USA},
 keywords = {computer network management, computer network security, network 
servers, stochastic approximation, wide-area networks},
} 

@inproceedings{wififingerprint,
author = {Jeffrey Pang and Ben Greenstein and Ramakrishna Gummadi and 
Srinivasan Seshan and David Wetherall},
title = {802.11 User Fingerprinting},
booktitle = {MobiCom '07: Proceedings of the 13th Annual International 
Conference on Mobile Computing and Networking},
month = Sep,
year = {2007},
location = {Montreal, Quebec, Canada},
}

@inproceedings{slyfi,
author = {Ben Greenstein and Damon McCoy and Jeffrey Pang and Tadayoshi Kohno 
and Srinivasan Seshan and David Wetherall},
title = {Improving Wireless Privacy with an Identifier-Free Link Layer 
Protocol},
booktitle = {MobiSys '08: 6th International Conference on Mobile Systems, 
Applications, and Services},
month = Jun,
year = {2008},
location = {Breckenridge, CO},
}

@inproceedings{indirectinfluence,
 author = {Newso James and McCamant, Stephen and Song, Dawn},
 title = {Measuring channel capacity to distinguish undue influence},
 booktitle = {Proceedings of the ACM SIGPLAN Fourth Workshop on Programming 
Languages and Analysis for Security},
 series = {PLAS '09},
 year = {2009},
 isbn = {978-1-60558-645-8},
 location = {Dublin, Ireland},
 pages = {73--85},
 numpages = {13},
 url = {http://doi.acm.org/10.1145/1554339.1554349},
 doi = {http://doi.acm.org/10.1145/1554339.1554349},
 acmid = {1554349},
 publisher = {ACM},
 address = {New York, NY, USA},
 keywords = {channel capacity, model counting, quantitative information 
flow},
} 

@inproceedings{strictdependence,
 author = {Bao, Tao and Zheng, Yunhui and Lin, Zhiqiang and Zhang, Xiangyu 
and Xu, Dongyan},
 title = {Strict control dependence and its effect on dynamic information 
flow analyses},
 booktitle = {Proceedings of the 19th international symposium on Software 
testing and analysis},
 series = {ISSTA '10},
 year = {2010},
 isbn = {978-1-60558-823-0},
 location = {Trento, Italy},
 pages = {13--24},
 numpages = {12},
 url = {http://doi.acm.org/10.1145/1831708.1831711},
 doi = {http://doi.acm.org/10.1145/1831708.1831711},
 acmid = {1831711},
 publisher = {ACM},
 address = {New York, NY, USA},
 keywords = {control dependence, data dependence, dynamic information flow, 
strict control dependence, taint analysis},
} 


@inproceedings{dtaplus,
  title={{DTA++}: Dynamic taint analysis with targeted control-flow 
propagation},
  author={Kang, M.G. and McCamant, S. and Poosankam, P. and Song, D.},
  booktitle={Proc. of the 18th Annual Network and Distributed System Security 
Symp. San Diego, CA},
  year={2011}
}

@misc{mcafee2011,
 author = {McAfee Labs},
 title = {{McAfee Threats Report}: Second Quarter 2011},
 howpublished = {http://www.mcafee.com/},
 year = {2011},
} 

@inproceedings{taintdroid,
 author = {Enck, William and Gilbert, Peter and Chun, Byung-Gon and Cox, 
Landon P. and Jung, Jaeyeon and McDaniel, Patrick and Sheth, Anmol N.},
 title = {{TaintDroid}: an information-flow tracking system for realtime 
privacy monitoring on smartphones},
 booktitle = {Proceedings of the 9th USENIX conference on Operating systems 
design and implementation},
 series = {OSDI'10},
 year = {2010},
 location = {Vancouver, BC, Canada},
 pages = {1--6},
 numpages = {6},
 url = {http://dl.acm.org/citation.cfm?id=1924943.1924971},
 acmid = {1924971},
 publisher = {USENIX Association},
 address = {Berkeley, CA, USA},
} 

@article{enckunderstanding,
 author = {Enck, William and Ongtang, Machigar and McDaniel, Patrick},
 title = {Understanding {Android} Security},
 journal = {IEEE Security and Privacy},
 volume = {7},
 issue = {1},
 month = {January},
 year = {2009},
 issn = {1540-7993},
 pages = {50--57},
 numpages = {8},
 url = {http://dx.doi.org/10.1109/MSP.2009.26},
 doi = {http://dx.doi.org/10.1109/MSP.2009.26},
 acmid = {1512324},
 publisher = {IEEE Educational Activities Department},
 address = {Piscataway, NJ, USA},
 keywords = {Android, mobile phones, Smartphones, security},
} 

@inproceedings{encksemantic,
 author = {Ongtang, Machigar and McLaughlin, Stephen and Enck, William and 
McDaniel, Patrick},
 title = {Semantically Rich Application-Centric Security in {Android}},
 booktitle = {Proceedings of the 2009 Annual Computer Security Applications 
Conference},
 series = {ACSAC '09},
 year = {2009},
 isbn = {978-0-7695-3919-5},
 pages = {340--349},
 numpages = {10},
 url = {http://dx.doi.org/10.1109/ACSAC.2009.39},
 doi = {http://dx.doi.org/10.1109/ACSAC.2009.39},
 acmid = {1723245},
 publisher = {IEEE Computer Society},
 address = {Washington, DC, USA},
 keywords = {mobile phone security, Android, application interactions, 
mediation},
} 

@inproceedings{interapp,
 author = {Chin, Erika and Felt, Adrienne Porter and Greenwood, Kate and 
Wagner, David},
 title = {Analyzing inter-application communication in {Android}},
 booktitle = {Proceedings of the 9th international conference on Mobile 
systems, applications, and services},
 series = {MobiSys '11},
 year = {2011},
 isbn = {978-1-4503-0643-0},
 location = {Bethesda, Maryland, USA},
 pages = {239--252},
 numpages = {14},
 url = {http://doi.acm.org/10.1145/1999995.2000018},
 doi = {http://doi.acm.org/10.1145/1999995.2000018},
 acmid = {2000018},
 publisher = {ACM},
 address = {New York, NY, USA},
 keywords = {Android, intents, message passing, mobile phone security},
} 

@InProceedings{belong, 
        author = "T. Vidas and D. Votipka and N. Christin", 
        title = "All Your Droid Are Belong to Us: A Survey of Current 
{Android} Attacks", 
        booktitle = "Proceedings of the 5th USENIX Workshop on Offensive 
Technologies (WOOT'11)", 
        year = 2011, 
        month = aug, 
        address = "San Francisco, CA"
}

@InProceedings{curbing, 
        author = "T. Vidas and N. Christin and L. Cranor",
        title = "Curbing {Android} permission creep", 
        booktitle = "Proceedings of the Web 2.0 Security and Privacy 2011 
workshop (W2SP 2011)",
        month = "May",
        year = 2011, 
        address = "Oakland, CA"
}

@InProceedings{enckstudy, 
        author = "W. Enck and D. Octeua and P. McDaniel and S. Chaudhuri",
        title = "A Study of {Android} application security", 
        booktitle = "20th USENIX Security Symposium",
        month = "August",
        year = 2011, 
        address = "San Francisco, CA"
}

@InProceedings{redelegation, 
        author = "A. Felt and H. Wang and A. Moshchuk and S. Hanna and E. 
Chin",
        title = "Permission Re-Delegation: Attacks and Defenses", 
        booktitle = "20th USENIX Security Symposium",
        month = "August",
        year = 2011, 
        address = "San Francisco, CA"
}

@InProceedings{demystified, 
        author = "A. Felt and E. Chin and S. Hanna and D. Song and D. 
Wagner",
        title = "{Android} Permissions Demystified", 
        booktitle = "Conf. on Computer and Communications Security",
        month = "October",
        year = 2011, 
        address = "Chicago, IL"
}

@InProceedings{appfence, 
        author = "P. Hornyack and S. Han and J. Jung and S. Schechter and D. 
Wetherall",
        title = "These Aren't the Droids You're Looking For: Retrofitting 
{Android} to Protect Data from Imperious Applications", 
        booktitle = "Conf. on Computer and Communications Security",
        month = "October",
        year = 2011, 
        address = "Chicago, IL"
}

@article{livshitsreflection,
  title={Reflection analysis for {Java}},
  author={Livshits, B. and Whaley, J. and Lam, M.},
  journal={Programming Languages and Systems},
  pages={139--160},
  year={2005},
  publisher={Springer-Verlag}
}

@InProceedings{pios,
  author = 	 {M. Egele and C. Kruegel and E. Kirda and G. Vigna},
  title = 	 {{PiOS: Detecting Privacy Leaks in iOS Applications}},
  booktitle = {Proceedings of the Network and Distributed System Security 
Symposium (NDSS)},
  year = 	 2011,
  address = 	 {San Diego, CA},
  month = 	 {February}}

@inproceedings{pointless,
 author = {Slowinska, Asia and Bos, Herbert},
 title = {Pointless tainting?: evaluating the practicality of pointer 
tainting},
 booktitle = {Proceedings of the 4th ACM European conference on Computer 
systems},
 series = {EuroSys '09},
 year = {2009},
 isbn = {978-1-60558-482-9},
 location = {Nuremberg, Germany},
 pages = {61--74},
 numpages = {14},
 url = {http://doi.acm.org/10.1145/1519065.1519073},
 doi = {http://doi.acm.org/10.1145/1519065.1519073},
 acmid = {1519073},
 publisher = {ACM},
 address = {New York, NY, USA},
 keywords = {dynamic taint analysis, pointer tainting},
} 

@inproceedings{panorama,
 author = {Yin, Heng and Song, Dawn and Egele, Manuel and Kruegel, 
Christopher and Kirda, Engin},
 title = {Panorama: capturing system-wide information flow for malware 
detection and analysis},
 booktitle = {Proceedings of the 14th ACM conference on Computer and 
communications security},
 series = {CCS '07},
 year = {2007},
 isbn = {978-1-59593-703-2},
 location = {Alexandria, Virginia, USA},
 pages = {116--127},
 numpages = {12},
 url = {http://doi.acm.org/10.1145/1315245.1315261},
 doi = {http://doi.acm.org/10.1145/1315245.1315261},
 acmid = {1315261},
 publisher = {ACM},
 address = {New York, NY, USA},
 keywords = {dynamic taint analysis, malware analysis, malware detection, 
spyware},
} 

@inproceedings{rifle,
 author = {Vachharajani, Neil and Bridges, Matthew J. and Chang, Jonathan and 
Rangan, Ram and Ottoni, Guilherme and Blo Jason A. and Reis, George A. and 
Vachharajani, Manish and August, David I.},
 title = {{RIFLE}: An Architectural Framework for User-Centric Information-
Flow Security},
 booktitle = {Proceedings of the 37th annual IEEE/ACM International Symposium 
on Microarchitecture},
 series = {MICRO 37},
 year = {2004},
 isbn = {0-7695-2126-6},
 location = {Portland, Oregon},
 pages = {243--254},
 numpages = {12},
 url = {http://dx.doi.org/10.1109/MICRO.2004.31},
 doi = {http://dx.doi.org/10.1109/MICRO.2004.31},
 acmid = {1038947},
 publisher = {IEEE Computer Society},
 address = {Washington, DC, USA},
} 

@article{tainteraser,
 author = {Zhu, David (Yu) and Jung, Jaeyeon and Song, Dawn and Kohno, 
Tadayoshi and Wetherall, David},
 title = {{Taint\-Eraser}: protecting sensitive data leaks using application-
level taint tracking},
 journal = {SIGOPS Oper. Syst. Rev.},
 issue_date = {January 2011},
 volume = {45},
 issue = {1},
 month = {February},
 year = {2011},
 issn = {0163-5980},
 pages = {142--154},
 numpages = {13},
 url = {http://doi.acm.org/10.1145/1945023.1945039},
 doi = {http://doi.acm.org/10.1145/1945023.1945039},
 acmid = {1945039},
 publisher = {ACM},
 address = {New York, NY, USA},
 keywords = {dynamic information flow tracking, privacy, sensitive data 
protection},
} 


@PhdThesis{DietlPhD09,
  author =       {W. Dietl},
  title =        {{Universe Types: Topology, Encapsulation, Genericity,
                  and Tools}},
  school =       {Department of Computer Science, ETH Zurich},
  month =        dec,
  year =         2009,
  note =         {Doctoral Thesis ETH No.~18522},
}

@InProceedings{EnerJ11,
  author =       {A. Sampson and W. Dietl and E. Fortuna and D. Gnanapragasam
                  and L. Ceze and D. Grossman},
  title =        {{EnerJ: Approximate Data Types for Safe and General
                  Low-Power Computation}},
  booktitle =    {{Programming Language Design and Implementation (PLDI)}},
  month =        jun,
  year =         {2011},
}

@inproceedings{KlebanovEA11,
 author = {V. Klebanov and P. M\"uller and N. Shankar and
                  G. T. Leavens and V. W\"{u}stholz and E. Alkassar and
                  R. Arthan and D. Bronish and R. Chapman and E. Cohen
                  and M. Hillebrand and B. Jacobs and K. R. M. Leino
                  and R. Monahan and F. Piessens and N. Polikarpova
                  and T. Ridge and J. Smans and S. Tobies and T. Tuerk
                  and M. Ulbrich and B. Weiss},
 title = {The 1st {V}erified {S}oftware {C}ompetition: Experience Report},
 booktitle = {Formal Methods (FM)},
 editor = {M. Butler and W. Schulte},
 year = {2011},
 series = {Lecture Notes in Computer Science},
 publisher = {Springer-Verlag}
}

@article{Hoare2003,
 author = {Hoare, Tony},
 title = {The verifying compiler: A grand challenge for computing research},
 journal = {J. ACM},
 volume = {50},
 issue = {1},
 month = {January},
 year = {2003},
 issn = {0004-5411},
 pages = {63--69},
 numpages = {7},
 url = {http://doi.acm.org/10.1145/602382.602403},
 doi = {http://doi.acm.org/10.1145/602382.602403},
 acmid = {602403},
 publisher = {ACM},
 address = {New York, NY, USA},
} 

@article{BarnettEA10,
 author = {M. Barnett and M. F\"ahndrich and K. R. M. Leino and
                  P. M\"uller and W. Schulte and H. Venter},
 title = {Specification and Verification: The {Spec\#} Experience},
 journal = {Communications of the ACM},
 month = {June},
 year = {2011},
 volume = {54},
 number = {6},
 pages = {81-91},
 publisher = {ACM}
}

@inproceedings{LeinoMueller09a,
 author = {K. R. M. Leino and P. M\"uller},
 title = {Using the {Spec\#} Language, Methodology, and Tools to Write
                  Bug-Free Programs},
 booktitle = {Advanced Lectures on Software Engineering---LASER Summer
                  School 2007/2008},
 editor = {P. M\"uller},
 year = {2010},
 series = {Lecture Notes in Computer Science},
 publisher = {Springer-Verlag},
 volume = {6029},
 pages = {91-139}
}

@incollection {NaikPalsberg2005,
   author = {Naik, Mayur and Palsberg, Jens},
   title = {A Type System Equivalent to a Model Checker},
   booktitle = {European Symposium On Programming (ESOP)},
   series = {Lecture Notes in Computer Science},
   editor = {Sagiv, Mooly},
   publisher = {Springer-Verlag},
   isbn = {978-3-540-25435-5},
   keyword = {Computer Science},
   pages = {374--388},
   volume = {3444},
   OPTurl = {http://dx.doi.org/10.1007/978-3-540-31987-0_26},
   OPTnote = {10.1007/978-3-540-31987-0_26},
   year = {2005}
}

@inproceedings{CousotCousot1977,
   author =    {Cousot, P. and Cousot, R.},
   title =     {Abstract interpretation: a unified lattice model for
                  static analysis of programs by construction or
                  approximation of fixpoints},
   pages =     {238--252},
   booktitle = {Principles of Programming Languages (POPL)},
   publisher = {ACM},
   year =      1977,
}

@InProceedings{Cousot1997,
  author = 	 {Cousot, P.},
  title = 	 {Types as abstract interpretations},
  booktitle =    {Principles of Programming Languages (POPL)},
  pages = 	 {316--331},
  year = 	 {1997},
  note = 	 {\url{http://www.di.ens.fr/~cousot/publications.www/Cousot-
POPL97-p316-331-1997.pdf}},
}

@InProceedings{CousotCousot2000,
  author = 	 {Cousot, P. and Cousot, R.},
  title = 	 {Temporal abstract interpretation},
  booktitle =    {Principles of Programming Languages (POPL)},
  pages = 	 {12--25},
  year = 	 {2000},
  note = 	 
{\url{http://www.di.ens.fr/~cousot/publications.www/CousotCousot-POPL-00-ACM-
p12--25-2000.pdf}},
}

\bibitem{Cousot07-VSTTE}
P. Cousot.
\newblock The Verification Grand Challenge and Abstract Interpretation.
\newblock In \emph{Verified Software: Theories, Tools, Experiments}, B.\
	  Meyer \& J.\ Woodcock (Eds), pages 227--240, Lecture Notes in
	  Computer Science, volume 4171, Springer-Verlag, Berlin, Dec. 2007.

@InCollection{Cousot2007,
   author =    {Cousot, P.},
   title =     {The Verification Grand Challenge and Abstract 
                Interpretation},
   booktitle = {Verified Software: Theories, Tools, Experiments},
   editor =    {B.\ Meyer and J.\ Woodcock},
   year =      2007,
   series =    {Lecture Notes in Computer Science},
   month =     dec,
   volume =    {4171},
   pages =     {227--240},
   publisher = {Springer-Verlag},
}

@article{Klein_EHACDEEKNSTW_10,
    author           = {Gerwin Klein and June Andronick and Kevin
                  Elphinstone and Gernot Heiser and David Cock and
                  Philip Derrin and Dhammika Elkaduwe and Kai
                  Engelhardt and Rafal Kolanski and Michael Norrish
                  and Thomas Sewell and Harvey Tuch and Simon
                  Winwood},
    journal          = {Communications of the ACM},
    title            = {{seL4}: Formal Verification of an Operating System 
Kernel},
    number           = {6},
    month            = {Jun},
    volume           = {53},
    year             = {2010},
    pages            = {107--115},
    publisher        = {ACM},
}

@InProceedings{CameronDietl09,
  author =       {N. Cameron and W. Dietl},
  title =        {{Comparing Universes and Existential Ownership
                  Types}},
  booktitle =    {International Workshop on Aliasing, Confinement and
                  Ownership in object-oriented programming (IWACO)},
  month =        jul,
  year =         2009,
}

@InProceedings{CunninghamDDFMS08,
  author =       {D. Cunningham and W. Dietl and S. Drossopoulou and A. 
Francalanza and P. M\"{u}ller and A. J. Summers},
  title =        {{Universe Types for Topology and Encapsulation}},
  OPTcrossref =  {},
  OPTkey =       {},
  booktitle =    {Formal Methods for Components and Objects (FMCO)},
  pages =        {72--112},
  month =        dec,
  year =         {2008},
  editor =       {F. S. de Boer and M. M. Bonsangue and S. Graf and W.-P. de 
Roever},
  volume =       {5382},
  OPTnumber =    {},
  series =       {Lecture Notes in Computer Science},
  publisher =    {Springer-Verlag},
  doi =          {10.1007/978-3-540-92188-2_4},
}

@InProceedings{DietlMueller08,
  author =       {W. Dietl and P. M\"{u}ller},
  title =        {{Ownership Type Systems and Dependent Classes}},
  booktitle =    {Foundations of Object-Oriented Languages (FOOL)},
  month =        jan,
  year =         2008,
}

@InProceedings{DietlMueller07d,
  author =       {W. Dietl and P. M\"{u}ller},
  title =        {{Runtime Universe Type Inference}},
  booktitle =    {International Workshop on Aliasing, Confinement and
                  Ownership in object-oriented programming (IWACO)},
  month =        jul,
  year =         2007,
}

@InProceedings{DietlDrossopoulouMueller07b,
  author =       {Dietl, W. and Drossopoulou, S. and M\"{u}ller, P.},
  title =        {{Generic Universe Types}},
  booktitle =    {European Conference on Object-Oriented Programming
                  (ECOOP)},
  month =        jul,
  year =         2007,
  editor =       {E. Ernst},
  series =       {Lecture Notes in Computer Science},
  volume =       4609,
  publisher =    {Springer-Verlag},
  pages =        {28--53},
  doi =          {10.1007/978-3-540-73589-2_3},
}

@Article{DietlMueller05,
  author =       {Dietl, W. and M\"uller, P.},
  title =        {{Universes: Lightweight Ownership for JML}},
  journal =      {Journal of Object Technology (JOT), Special Issue:
                  ECOOP 2004 Workshop FTfJP},
  month =        oct,
  year =         {2005},
  OPTkey =       {},
  volume =       {4},
  number =       {8},
  pages =        {5--32},
}

@InProceedings{DietlMuellerPoetzsch-Heffter04,
  author =       {Dietl, W. and M\"{u}ller, P. and Poetzsch-Heffter,
                  A.},
  title =        {{A Type System for Checking Applet Isolation in Java
                  Card}},
  booktitle =    {Construction and Analysis of Safe, Secure and
                  Interoperable Smart devices (CASSIS)},
  pages =        {129--150},
  year =         2004,
  month =        mar,
  series =       {Lecture Notes in Computer Science},
  volume =       3362,
  publisher =    {Springer-Verlag},
  isbn =         {978-3-540-24287-1},
}

@Unpublished{JMLRefMan08,
  author =       {G. T. Leavens and E. Poll and C. Clifton and
                  Y. Cheon and C. Ruby and D. Cok and P. M{\"u}ller
                  and J. Kiniry and P. Chalin and D. M. Zimmerman and
                  W. Dietl},
  title =        {{JML Reference Manual}},
  month =        jun,
  year =         2008,
  note =         {Available from \url{http://www.jmlspecs.org/}},
}

@book{Mueller02,
 author = {M{\"u}ller, P.},
 title = {Modular Specification and Verification of Object-Oriented 
Programs},
 publisher = {Springer-Verlag},
 series = {Lecture Notes in Computer Science},
 volume = {2262},
 year = {2002},
}


@InProceedings{AikenBDDHH2007,
  author = 	 {A. Aiken and S. Bugrara and I. Dillig and T. Dillig
                  and P. Hawkins and B. Hackett},
  title = 	 {An Overview of the {Saturn} Project},
  booktitle =    {Program Analysis for Software Tools and Engineering (PASTE)},
  pages = 	 {43--48},
  year = 	 {2007},
}


@article{Leroy2009,
  author = 	 {Xavier Leroy},
  title = 	 {Formal verification of a realistic compiler},
  journal =      {Communications of the ACM},
  month = 	 {July},
  year = 	 {2009},
  number = 	 {7},
  volume = 	 {52},
  publisher =    {ACM}
}

@article{BallLR2011,
 author = {Ball, Thomas and Levin, Vladimir and Rajamani, Sriram K.},
 title = {A decade of software model checking with {SLAM}},
 journal = {Commununications of the  ACM},
 volume = {54},
 issue = {7},
 month = {July},
 year = {2011},
 issn = {0001-0782},
 pages = {68--76},
 numpages = {9},
 url = {http://doi.acm.org/10.1145/1965724.1965743},
 publisher = {ACM},
} 

@inproceedings{BallBKL2010,
 author = {Ball, Thomas and Bounimova, Ella and Kumar, Rahul and
                  Levin, Vladimir},
 title = {{SLAM2}: static driver verification with under 4\% false
                  alarms}, 
 booktitle = {Formal Methods in Computer-Aided Design (FMCAD)},
 year = {2010},
 pages = {35--42},
 numpages = {8},
 url = {http://dl.acm.org/citation.cfm?id=1998496.1998508},
 publisher = {FMCAD Inc},
} 

@Misc{Boogie,
  author = 	 {K. Rustan M. Leino},
  title = 	 {This is {Boogie 2}},
  note = 	 {\url{http://research.microsoft.com/boogie/}},
}


@InProceedings{Z3,
  author = 	 {Leonardo de Moura and Nikolaj Bj\o{}rner},
  title = 	 {Z3: An Efficient {SMT} Solver},
  booktitle = {Tools and Algorithms for the Construction and Analysis
                  of Systems (TACAS)},
  year = 	 {2008},
  note = 	 {\url{http://research.microsoft.com/projects/z3/}},
}


@Misc{google-caja,
  author = 	 {Google},
  title = 	 {Google {Caja}},
  note = 	 {\url{http://code.google.com/p/google-caja/}},
}

@Misc{fbjs,
  author = 	 {Facebook},
  title = 	 {{FBJS (Facebook JavaScript)}},
  note = 	 {\url{http://developers.facebook.com/docs/fbjs/}},
}

@Book{MartinLoef1984,
  author = 	 {Per Martin-L\"{o}f},
  title = 	 {Intuitionistic type theory: notes by {Giovanni Sambin}
                  of a series of lectures given in {Padua}},
  publisher = 	 {Bibliopolis},
  year = 	 {1984},
  series = 	 {Studies in proof theory / Lecture notes, 1},
}

@article{CoquandHuet1988,
 author = {Coquand, Thierry and Huet, Gerard},
 title = {The calculus of constructions},
 journal = {Information and Computation},
 volume = {76},
 issue = {2-3},
 month = {February},
 year = {1988},
 issn = {0890-5401},
 pages = {95--120},
 numpages = {26},
 url = {http://dl.acm.org/citation.cfm?id=47724.47725},
 doi = {10.1016/0890-5401(88)90005-3},
 publisher = {Academic Press, Inc.},
} 

@Book{CurryHoward2006,
  author = 	 {Morten Heine S\o{}rensen and Pawel Urzyczyn},
  title = 	 {Lectures on the Curry-Howard Isomorphism},
  publisher = 	 {Elsevier Science},
  year = 	 {2006},
  series = 	 {Studies in Logic and the Foundations of Mathematics},
}

@InProceedings{ChoeEA2011,
  author = 	 {Eun Kyong Choe and Sunny Consolvo and Jaeyeon Jung
                  and Beverly Harrison and Julie A. Kientz},
  title = 	 {Living in a Glass House},
  booktitle =    {Ubiquitous Computing (Ubicomp)},
  month = 	 sep,
  year = 	 {2011},
}

@InProceedings{JungEA2004,
  author = 	 {Jaeyeon Jung and Vern Paxson and Arthur W. Berger
                  and Hari Balakrishnan},
  title = 	 {Fast Portscan Detection Using Sequential Hypothesis Testing},
  OPTcrossref =  {},
  OPTkey = 	 {},
  booktitle =    {IEEE Symposium on Security and Privacy},
  month = 	 may,
  year = 	 {2004},
}

@InProceedings{WhaleyRinard1999,
  author = 	 {John Whaley and Martin Rinard},
  title = 	 {Compositional Pointer and Escape Analysis for {Java} Programs},
  booktitle =    {Object-Oriented Programming Systems, Languages, and Applications (OOPSLA)},
  year = 	 {1999},
}

@InProceedings{Baker1990,
  author =       {H. G. Baker},
  title =        {Unify and Conquer (Garbage, Updating, Aliasing, ...)
                  in Functional Languages},
  booktitle =    {LISP and functional programming (LFP)},
  year =         {1990},
  pages =        {218--226},
  NOpublisher =  ACM,
} 

@InProceedings{ChoiEA1999,
  author = 	 {Jong-Deok Shoi and Manish Gupta and Mauricio Seffano
                  and Vugranam C. Sreedhar and Sam Midkiff}, 
  title = 	 {Escape Analysis for {Java}},
  booktitle =    {Object-Oriented Programming Systems, Languages, and Applications (OOPSLA)},
  year = 	 {1999},
}

@Book{Isabelle2002,
  author =       {T. Nipkow and L. Paulson and M. Wenzel},
  title =        {Isabelle/{HOL} --- A Proof Assistant for
                  Higher-Order Logic},
  publisher =    {Springer-Verlag},
  series =       {Lecture Notes in Computer Science},
  volume =       2283,
  year =         2002,
  OPTnote =      {\url{http://www.in.tum.de/~nipkow/LNCS2283/}}
}

@Book{Coq2004,
  author = 	 {Bertot, Yves and Cast\'{e}éran, Pierre},
  title = 	 {Interactive Theorem Proving and Program Development;
{Coq'Art}: The Calculus of Inductive Constructions},
  publisher = 	 {Springer-Verlag},
  year = 	 {2004},
  series = 	 {Texts in Theoretical Computer Science. An EATCS Series},
}
